@Book{si-brochure,
  title =        {Le Syst\`eme international d'unit\'es / The International System of Units (`The {SI} Brochure')},
  publisher =    {Bureau international des poids et mesures},
  author =       {{BIPM}},
  howpublished = {Online},
  url =          {http://www.bipm.org/en/si/si_brochure/},
  edition =      {9a.},
  isbn =         {978-92-822-2272-0},
  year =         2019
},

@Book{si-ptbr,
  title =        {Sistema Internacional de Unidades (SI) / Tradução do Grupo de Trabalho luso-brasileiro do Inmetro e IPQ},
  publisher =    {Inmetro / IPQ},
  author =       {BIPM},
  howpublished = {Online},
  url =          {http://www.gov.br/inmetro/pt-br},
  edition =      {9a.},
  isbn =         {978-85-86920-28-8},
  year =         2021
},

@Book{fluke,
  title =        {Calibration: Philosophy in Practice},
  publisher =    {Fluke},
  author =       {Fluke},
  edition =      {2a.},
  isbn =         {0-9638650-0-5},
  year =         1994
}